@inproceedings{bahdanau2014neural,
  title={Neural machine translation by jointly learning to align and translate},
  author={Bahdanau, Dzmitry and Cho, Kyunghyun and Bengio, Yoshua},
  booktitle={International Conference on Machine Learning},
  year={2015}
}

@inproceedings{dyer2015transition,
  title={Transition-based dependency parsing with stack long short-term memory},
  author={Dyer, Chris and Ballesteros, Miguel and Ling, Wang and Matthews, Austin and Smith, Noah A.},
  booktitle={Proc. ACL},
  year={2015}
}

@inproceedings{Heafield-kenlm,
  author = {Kenneth Heafield},
  title = {{KenLM:} Faster and Smaller Language Model Queries},
  year = {2011},
  month = {July},
  booktitle = {Proceedings of the {EMNLP} 2011 Sixth Workshop on Statistical Machine Translation},
  address = {Edinburgh, Scotland, United Kingdom},
  pages = {187--197},
  url = {http://kheafield.com/professional/avenue/kenlm.pdf},
}

@article{yadollahpourdiscriminative,
  title  =  {Discriminative Re-ranking of Diverse Segmentations},
  author = {Yadollahpour, Payman and Batra, Dhruv and Shakhnarovich, Gregory},
  year   = {2013}
}

@inproceedings{vilar2007can,
  title={Can we translate letters?},
  author={Vilar, David and Peter, Jan-T and Ney, Hermann},
  booktitle={Proceedings of the Second Workshop on Statistical Machine Translation},
  pages={33--39},
  year={2007},
  organization={Association for Computational Linguistics}
}

@article{kingma2014adam,
  title={Adam: A method for stochastic optimization},
  author={Kingma, Diederik and Ba, Jimmy},
  journal={arXiv preprint arXiv:1412.6980},
  year={2014}
}

@inproceedings{sutskever2011generating,
  title={Generating text with recurrent neural networks},
  author={Sutskever, Ilya and Martens, James and Hinton, Geoffrey E},
  booktitle={Proceedings of the 28th International Conference on Machine Learning (ICML-11)},
  pages={1017--1024},
  year={2011}
}

@inproceedings{kang2011mandarin,
  title={Mandarin Word-Character Hybrid-Input Neural Network Language Model.},
  author={Kang, Moonyoung and Ng, Tim and Nguyen, Long},
  booktitle={INTERSPEECH},
  pages={625--628},
  year={2011}
}

@article{mikolov2012subword,
  title={Subword language modeling with neural networks},
  author={Mikolov, Tom{\'a}{\v{s}} and Sutskever, Ilya and Deoras, Anoop and Le, Hai-Son and Kombrink, Stefan},
  year={2012}
}

@inproceedings{sutskever2014sequence,
  title={Sequence to sequence learning with neural networks},
  author={Sutskever, Ilya and Vinyals, Oriol and Le, Quoc VV},
  booktitle={Advances in neural information processing systems},
  pages={3104--3112},
  year={2014}
}

@article{hochreiter1997long,
  title={Long short-term memory},
  author={Hochreiter, Sepp and Schmidhuber, J{\"u}rgen},
  journal={Neural computation},
  volume={9},
  number={8},
  pages={1735--1780},
  year={1997},
  publisher={MIT Press}
}

@article{ling2015finding,
  title={Finding function in form: Compositional character models for open vocabulary word representation},
  author={Ling, Wang and Lu{\'\i}s, Tiago and Marujo, Lu{\'\i}s and Astudillo, Ram{\'o}n Fernandez and Amir, Silvio and Dyer, Chris and Black, Alan W and Trancoso, Isabel},
  journal={arXiv preprint arXiv:1508.02096},
  year={2015}
}

@inproceedings{neubig2013much,
  title={How Much Is Said in a Tweet? A Multilingual, Information-theoretic Perspective.},
  author={Neubig, Graham and Duh, Kevin},
  year={2013}
}

@article{sennrich2015neural,
  title={Neural machine translation of rare words with subword units},
  author={Sennrich, Rico and Haddow, Barry and Birch, Alexandra},
  journal={arXiv preprint arXiv:1508.07909},
  year={2015}
}

@article{luong2016achieving,
    title={Achieving open vocabulary neural machine translation with hybrid word-character models},
      author={Luong, Minh-Thang and Manning, Christopher D},
        journal={arXiv preprint arXiv:1604.00788},
          year={2016}
}

@article{kim2015character,
    title={Character-aware neural language models},
      author={Kim, Yoon and Jernite, Yacine and Sontag, David and Rush, Alexander M},
        journal={arXiv preprint arXiv:1508.06615},
          year={2015}
}

@article{jozefowicz2016exploring,
  title={Exploring the limits of language modeling},
  author={Jozefowicz, Rafal and Vinyals, Oriol and Schuster, Mike and Shazeer, Noam and Wu, Yonghui},
  journal={arXiv preprint arXiv:1602.02410},
  year={2016}
}

@article{chung2016hierarchical,
  title={Hierarchical Multiscale Recurrent Neural Networks},
  author={Chung, Junyoung and Ahn, Sungjin and Bengio, Yoshua},
  journal={arXiv preprint arXiv:1609.01704},
  year={2016}
}

@inproceedings{kneser1995improved,
  title={Improved backing-off for m-gram language modeling},
  author={Kneser, Reinhard and Ney, Hermann},
  booktitle={Acoustics, Speech, and Signal Processing, 1995. ICASSP-95., 1995 International Conference on},
  volume={1},
  pages={181--184},
  year={1995},
  organization={IEEE}
}

@article{hwang2016character,
  title={Character-Level Language Modeling with Hierarchical Recurrent Neural Networks},
  author={Hwang, Kyuyeon and Sung, Wonyong},
  journal={arXiv preprint arXiv:1609.03777},
  year={2016}
}

@inproceedings{chahuneau2013knowledge,
  title={Knowledge-rich morphological priors for Bayesian language models},
  author={Chahuneau, Victor and Smith, Noah A and Dyer, Chris},
  year={2013},
  organization={Association for Computational Linguistics}
}

@article{chahuneau2013translating,
  title={Translating into morphologically rich languages with synthetic phrases},
  author={Chahuneau, Victor and Schlinger, Eva and Smith, Noah A and Dyer, Chris},
  year={2013}
}

@inproceedings{socher2013recursive,
  title={Recursive deep models for semantic compositionality over a sentiment treebank},
  author={Socher, Richard and Perelygin, Alex and Wu, Jean Y and Chuang, Jason and Manning, Christopher D and Ng, Andrew Y and Potts, Christopher},
  booktitle={Proceedings of the conference on empirical methods in natural language processing (EMNLP)},
  volume={1631},
  pages={1642},
  year={2013},
  organization={Citeseer}
}

@article{dyer2016recurrent,
  title={Recurrent neural network grammars},
  author={Dyer, Chris and Kuncoro, Adhiguna and Ballesteros, Miguel and Smith, Noah A},
  booktitle={Proc. ACL},
  year={2016}
}

@article{oflazer1994two,
  title={Two-level description of Turkish morphology},
  author={Oflazer, Kemal},
  journal={Literary and linguistic computing},
  volume={9},
  number={2},
  pages={137--148},
  year={1994},
  publisher={ALLC}
}

@article{yu2016online,
  title={Online Segment to Segment Neural Transduction},
  author={Yu, Lei and Buys, Jan and Blunsom, Phil},
  journal={arXiv preprint arXiv:1609.08194},
  year={2016}
}

@article{kanayama2017semi,
  title={A Semi-universal Pipelined Approach to the CoNLL 2017 UD Shared Task},
  author={Kanayama, Hiroshi and Muraoka, Masayasu and Yoshikawa, Katsumasa},
  journal={Proceedings of the CoNLL 2017 Shared Task: Multilingual Parsing from Raw Text to Universal Dependencies},
  pages={265--273},
  year={2017}
}

@article{dozat2017stanford,
  title={Stanford's Graph-based Neural Dependency Parser at the CoNLL 2017 Shared Task},
  author={Dozat, Timothy and Qi, Peng and Manning, Christopher D},
  journal={Proceedings of the CoNLL 2017 Shared Task: Multilingual Parsing from Raw Text to Universal Dependencies},
  pages={20--30},
  year={2017}
}

@article{bjorkelund2017ims,
  title={IMS at the CoNLL 2017 UD Shared Task: CRFs and Perceptrons Meet Neural Networks},
  author={Bj{\"o}rkelund, Anders and Falenska, Agnieszka and Yu, Xiang and Kuhn, Jonas},
  journal={Proceedings of the CoNLL 2017 Shared Task: Multilingual Parsing from Raw Text to Universal Dependencies},
  pages={40--51},
  year={2017}
}

@misc{udpipemodels,
title = {{CoNLL} 2017 Shared Task - {UDPipe} Baseline Models and Supplementary Materials},
author = {Straka, Milan},
url = {http://hdl.handle.net/11234/1-1990},
note = {{LINDAT}/{CLARIN} digital library at the Institute of Formal and Applied Linguistics ({{\\'U}FAL}), Faculty of Mathematics and Physics, Charles University},
copyright = {Licence Universal Dependencies v2.0},
year = {2017} }

@inproceedings{nivre2003efficient,
  title={An efficient algorithm for projective dependency parsing},
  author={Nivre, Joakim},
  booktitle={Proceedings of the 8th International Workshop on Parsing Technologies (IWPT},
  year={2003},
  organization={Citeseer}
}

@article{nivre2007maltparser,
  title={MaltParser: A language-independent system for data-driven dependency parsing},
  author={Nivre, Joakim and Hall, Johan and Nilsson, Jens and Chanev, Atanas and Eryigit, G{\"u}l{\c{s}}en and K{\"u}bler, Sandra and Marinov, Svetoslav and Marsi, Erwin},
  journal={Natural Language Engineering},
  volume={13},
  number={2},
  pages={95--135},
  year={2007},
  publisher={Cambridge University Press}
}

@misc{nivre2017universal,
  title={Universal Dependencies 2.0. LINDAT/CLARIN digital library at the Institute of Formal and Applied Linguistics, Charles University, Prague},
  author={Nivre, Joakim and \v{Z}eljko Agic, Lars Ahrenberg and others},
  year={2017}
}

@misc{universaldependencies,
 title = {Universal Dependencies 2.0},
 author = {Nivre, Joakim and Agi{\'c}, {\\v Z}eljko and Ahrenberg, Lars and Aranzabe, Maria Jesus and Asahara, Masayuki and Atutxa, Aitziber and Ballesteros, Miguel and Bauer, John and Bengoetxea, Kepa and Bhat, Riyaz Ahmad and Bick, Eckhard and Bosco, Cristina and Bouma, Gosse and Bowman, Sam and Candito, Marie and Cebiro{\u g}lu Eryi{\u g}it, G{\"u}l{\c s}en and Celano, Giuseppe G. A. and Chalub, Fabricio and Choi, Jinho and {\\c C}{\"o}ltekin, {\\c C}a{\u g}r{\i} and Connor, Miriam and Davidson, Elizabeth and de Marneffe, Marie-Catherine and de Paiva, Valeria and Diaz de Ilarraza, Arantza and Dobrovoljc, Kaja and Dozat, Timothy and Droganova, Kira and Dwivedi, Puneet and Eli, Marhaba and Erjavec, Toma{\v z} and Farkas, Rich{\'a}rd and Foster, Jennifer and Freitas, Cl{\'a}udia and Gajdo{\v s}ov{\'a}, Katar{\'{\i}}na and Galbraith, Daniel and Garcia, Marcos and Ginter, Filip and Goenaga, Iakes and Gojenola, Koldo and G{\"o}k{\i}rmak, Memduh and Goldberg, Yoav and G{\'o}mez Guinovart, Xavier and Gonz{\'a}les Saavedra, Berta and Grioni,
 Matias and Gr{\=
u}z{\={\i}}tis, Normunds and Guillaume, Bruno and Habash, Nizar and Haji{\v c}, Jan and H{\`a} M{\~y}, Linh and Haug, Dag and Hladk{\'a}, Barbora and Hohle, Petter and Ion, Radu and Irimia, Elena and Johannsen, Anders and J{\o}rgensen, Fredrik and Ka{\c s}{\i}kara, H{\"u}ner and Kanayama, Hiroshi and Kanerva, Jenna and Kotsyba, Natalia and Krek, Simon and Laippala, Veronika and L{\^e} Hong, Phuong and Lenci, Alessandro and Ljube{\v s}i{\'c}, Nikola and Lyashevskaya, Olga and Lynn, Teresa and Makazhanov, Aibek and Manning, Christopher and M{\u a}r{\u a}nduc, C{\u a}t{\u a}lina and Mare{\v c}ek, David and Mart{\'{\i}}nez Alonso, H{\'e}ctor and Martins, Andr{\'e} and Ma{\v s}ek, Jan and Matsumoto, Yuji and {McDonald}, Ryan and Missil{\"a}, Anna and Mititelu, Verginica and Miyao, Yusuke and Montemagni, Simonetta and More, Amir and Mori, Shunsuke and Moskalevskyi, Bohdan and Muischnek, Kadri and Mustafina, Nina and M{\"u}{\"u}risep, Kaili and Nguy{\~{\^e}}n Th{\d i}, Luong and Nguy{\~{\^e}}n Th{\d i} Minh, Huy{\`{\^e}}n and Nikolaev, Vitaly and Nurmi, Hanna and Ojala, Stina and Osenova, Petya and {\\O}vrelid, Lilja and Pascual, Elena and Passarotti, Marco and Perez, Cenel-Augusto and Perrier, Guy and Petrov, Slav and Piitulainen, Jussi and Plank, Barbara and Popel, Martin and Pretkalni{\c n}a, Lauma and Prokopidis, Prokopis and Puolakainen, Tiina and Pyysalo, Sampo and Rademaker, Alexandre and Ramasamy, Loganathan and Real, Livy and Rituma, Laura and Rosa, Rudolf and Saleh, Shadi and Sanguinetti,
 Manuela and Saul{\={\i}}te, Baiba and Schuster, Sebastian and Seddah, Djam{\'e} and Seeker, Wolfgang and Seraji, Mojgan and Shakurova, Lena and Shen, Mo and Sichinava, Dmitry and Silveira, Natalia and Simi, Maria and Simionescu, Radu and Simk{\'o}, Katalin and {\\v S}imkov{\'a}, M{\'a}ria and Simov, Kiril and Smith, Aaron and Suhr, Alane and Sulubacak, Umut and Sz{\'a}nt{\'o}, Zsolt and Taji, Dima and Tanaka, Takaaki and Tsarfaty, Reut and Tyers, Francis and Uematsu, Sumire and Uria, Larraitz and van Noord, Gertjan and Varga, Viktor and Vincze, Veronika and Washington, Jonathan North and {\\v Z}abokrtsk{\'y}, Zden{\v e}k and Zeldes, Amir and Zeman, Daniel and Zhu, Hanzhi},
 url = {http://hdl.handle.net/11234/1-1983},
 note = {{LINDAT}/{CLARIN} digital library at the Institute of Formal and Applied Linguistics ({{\\'U}FAL}), Faculty of Mathematics and Physics, Charles University},
 copyright = {Licence Universal Dependencies v2.0},
 year = {2017} }

@article{zeman2017conll,
  title={CoNLL 2017 shared task: multilingual parsing from raw text to universal dependencies},
  author={Zeman, Daniel and Popel, Martin and Straka, Milan and Hajic, Jan and Nivre, Joakim and Ginter, Filip and Luotolahti, Juhani and Pyysalo, Sampo and Petrov, Slav and Potthast, Martin and others},
  journal={Proceedings of the CoNLL 2017 Shared Task: Multilingual Parsing from Raw Text to Universal Dependencies},
  pages={1--19},
  year={2017}
}

@article{srivastava2014dropout,
  title={Dropout: A simple way to prevent neural networks from overfitting},
  author={Srivastava, Nitish and Hinton, Geoffrey and Krizhevsky, Alex and Sutskever, Ilya and Salakhutdinov, Ruslan},
  journal={The Journal of Machine Learning Research},
  volume={15},
  number={1},
  pages={1929--1958},
  year={2014},
  publisher={JMLR. org}
}

@inproceedings{mikolov2010recurrent,
  title={Recurrent neural network based language model},
  author={Mikolov, Tom{\'a}{\v{s}} and Karafi{\'a}t, Martin and Burget, Luk{\'a}{\v{s}} and {\v{C}}ernock{\`y}, Jan and Khudanpur, Sanjeev},
  booktitle={Eleventh Annual Conference of the International Speech Communication Association},
  year={2010}
}

@inproceedings{buys2015generative,
  title={Generative incremental dependency parsing with neural networks},
  author={Buys, Jan and Blunsom, Phil},
  booktitle={Proceedings of the 53rd Annual Meeting of the Association for Computational Linguistics and the 7th International Joint Conference on Natural Language Processing (Volume 2: Short Papers)},
  volume={2},
  pages={863--869},
  year={2015}
}

@article{buys2015bayesian,
  title={A Bayesian model for generative transition-based dependency parsing},
  author={Buys, Jan and Blunsom, Phil},
  journal={arXiv preprint arXiv:1506.04334},
  year={2015}
}

@incollection{titov2010latent,
  title={A latent variable model for generative dependency parsing},
  author={Titov, Ivan and Henderson, James},
  booktitle={Trends in Parsing Technology},
  pages={35--55},
  year={2010},
  publisher={Springer}
}

@InProceedings{udpipe:2017,
  author    = {Straka, Milan  and  Strakov\'{a}, Jana},
  title     = {Tokenizing, POS Tagging, Lemmatizing and Parsing UD 2.0 with UDPipe},
  booktitle = {Proceedings of the CoNLL 2017 Shared Task: Multilingual Parsing from Raw Text to Universal Dependencies},
  month     = {August},
  year      = {2017},
  address   = {Vancouver, Canada},
  publisher = {Association for Computational Linguistics},
  pages     = {88--99},
  url       = {http://www.aclweb.org/anthology/K/K17/K17-3009.pdf}
}

@article{kuncoro2016recurrent,
  title={What Do Recurrent Neural Network Grammars Learn About Syntax?},
  author={Kuncoro, Adhiguna and Ballesteros, Miguel and Kong, Lingpeng and Dyer, Chris and Neubig, Graham and Smith, Noah A},
  journal={arXiv preprint arXiv:1611.05774},
  year={2016}
}

@inproceedings{och2003minimum,
  title={Minimum error rate training in statistical machine translation},
  author={Och, Franz Josef},
  booktitle={Proceedings of the 41st Annual Meeting on Association for Computational Linguistics-Volume 1},
  pages={160--167},
  year={2003},
  organization={Association for Computational Linguistics}
}

@inproceedings{jiang:2016,
 year=2016,
 booktitle={Proc. EMNLP},
 title={Unsupervised Neural Dependency Parsing},
 author={Yong Jiang and Wenjuan Han and Kewei Tu},}

@inproceedings{henderson2004discriminative,
  title={Discriminative training of a neural network statistical parser},
  author={Henderson, James},
  booktitle={Proceedings of the 42nd Annual Meeting on Association for Computational Linguistics},
  pages={95},
  year={2004},
  organization={Association for Computational Linguistics}
}

@article{emami2005neural,
  title={A neural syntactic language model},
  author={Emami, Ahmad and Jelinek, Frederick},
  journal={Machine learning},
  volume={60},
  number={1-3},
  pages={195--227},
  year={2005},
  publisher={Springer}
}

@inproceedings{zhou2015neural,
  title={A neural probabilistic structured-prediction model for transition-based dependency parsing},
  author={Zhou, Hao and Zhang, Yue and Huang, Shujian and Chen, Jiajun},
  booktitle={Proceedings of the 53rd Annual Meeting of the Association for Computational Linguistics and the 7th International Joint Conference on Natural Language Processing (Volume 1: Long Papers)},
  volume={1},
  pages={1213--1222},
  year={2015}
}

@inproceedings{yazdani2015incremental,
  title={Incremental recurrent neural network dependency parser with search-based discriminative training},
  author={Yazdani, Majid and Henderson, James},
  booktitle={Proceedings of the Nineteenth Conference on Computational Natural Language Learning},
  pages={142--152},
  year={2015}
}

@article{weiss2015structured,
  title={Structured training for neural network transition-based parsing},
  author={Weiss, David and Alberti, Chris and Collins, Michael and Petrov, Slav},
  journal={arXiv preprint arXiv:1506.06158},
  year={2015}
}

@inproceedings{le2014inside,
  title={The inside-outside recursive neural network model for dependency parsing},
  author={Le, Phong and Zuidema, Willem},
  booktitle={Proceedings of the 2014 conference on empirical methods in natural language processing (EMNLP)},
  pages={729--739},
  year={2014}
}

@inproceedings{zhang2015top,
  title={Top-down tree long short-term memory networks},
  author={Zhang, Xingxing and Lu, Liang and Lapata, Mirella},
  booktitle={Proc. NAACL},
  year={2015}
}

@article{kiperwasser2016simple,
  title={Simple and accurate dependency parsing using bidirectional LSTM feature representations},
  author={Kiperwasser, Eliyahu and Goldberg, Yoav},
  journal={arXiv preprint arXiv:1603.04351},
  year={2016}
}

@inproceedings{xu2015show,
  title={Show, attend and tell: Neural image caption generation with visual attention},
  author={Xu, Kelvin and Ba, Jimmy and Kiros, Ryan and Cho, Kyunghyun and Courville, Aaron and Salakhudinov, Ruslan and Zemel, Rich and Bengio, Yoshua},
  booktitle={International Conference on Machine Learning},
  pages={2048--2057},
  year={2015}
}

@article{wen2015semantically,
  title={Semantically conditioned lstm-based natural language generation for spoken dialogue systems},
  author={Wen, Tsung-Hsien and Gasic, Milica and Mrksic, Nikola and Su, Pei-Hao and Vandyke, David and Young, Steve},
  journal={arXiv preprint arXiv:1508.01745},
  year={2015}
}

@inproceedings{galley2006scalable,
  title={Scalable inference and training of context-rich syntactic translation models},
  author={Galley, Michel and Graehl, Jonathan and Knight, Kevin and Marcu, Daniel and DeNeefe, Steve and Wang, Wei and Thayer, Ignacio},
  booktitle={Proceedings of the 21st International Conference on Computational Linguistics and the 44th annual meeting of the Association for Computational Linguistics},
  pages={961--968},
  year={2006},
  organization={Association for Computational Linguistics}
}

@inproceedings{charniak2003syntax,
  title={Syntax-based language models for statistical machine translation},
  author={Charniak, Eugene and Knight, Kevin and Yamada, Kenji},
  booktitle={Proceedings of MT Summit IX},
  pages={40--46},
  year={2003}
}

@inproceedings{chiang2005hierarchical,
  title={A hierarchical phrase-based model for statistical machine translation},
  author={Chiang, David},
  booktitle={Proceedings of the 43rd Annual Meeting on Association for Computational Linguistics},
  pages={263--270},
  year={2005},
  organization={Association for Computational Linguistics}
}

@misc{nivre2013transition,
  title={Transition-Based Parsing},
  author={Nivre, Joakim},
  year={2013}
}

@article{fried2017improving,
  title={Improving Neural Parsing by Disentangling Model Combination and Reranking Effects},
  author={Fried, Daniel and Stern, Mitchell and Klein, Dan},
  journal={arXiv preprint arXiv:1707.03058},
  year={2017}
}

@article{melis2017state,
  title={On the state of the art of evaluation in neural language models},
  author={Melis, G{\'a}bor and Dyer, Chris and Blunsom, Phil},
  journal={arXiv preprint arXiv:1707.05589},
  year={2017}
}

@article{yogatama2017generative,
  title={Generative and discriminative text classification with recurrent neural networks},
  author={Yogatama, Dani and Dyer, Chris and Ling, Wang and Blunsom, Phil},
  journal={arXiv preprint arXiv:1703.01898},
  year={2017}
}

@article{tesniere1959elements,
  title={El{\'e}ments de linguistique structurale},
  author={Tesni{\`e}re, Lucien},
  journal={Paris, Klincksieck},
  volume={2},
  year={1959}
}

@article{marcus1993building,
  title={Building a large annotated corpus of English: The Penn Treebank},
  author={Marcus, Mitchell P and Marcinkiewicz, Mary Ann and Santorini, Beatrice},
  journal={Computational linguistics},
  volume={19},
  number={2},
  pages={313--330},
  year={1993},
  publisher={MIT Press}
}

@article{dynet,
  title={Dynet: The dynamic neural network toolkit},
  author={Neubig, Graham and Dyer, Chris and Goldberg, Yoav and Matthews, Austin and Ammar, Waleed and Anastasopoulos, Antonios and Ballesteros, Miguel and Chiang, David and Clothiaux, Daniel and Cohn, Trevor and others},
  journal={arXiv preprint arXiv:1701.03980},
  year={2017}
}

@incollection{lane1998simple,
  title={Simple synchrony networks: Learning to parse natural language with temporal synchrony variable binding},
  author={Lane, Peter CR and Henderson, James B},
  booktitle={ICANN 98},
  pages={615--620},
  year={1998},
  publisher={Springer}
}

@article{neal1992connectionist,
  title={Connectionist learning of belief networks},
  author={Neal, Radford M},
  journal={Artificial intelligence},
  volume={56},
  number={1},
  pages={71--113},
  year={1992},
  publisher={Elsevier}
}

@article{chu1965shortest,
  title={On the shortest arborescence of a directed graph},
  author={Chu, Yoeng-Jin},
  journal={Science Sinica},
  volume={14},
  pages={1396--1400},
  year={1965}
}

@article{edmonds1967optimum,
  title={Optimum branchings},
  author={Edmonds, Jack},
  journal={Journal of Research of the National Bureau of Standards},
  volume={71},
  pages={233--240},
  year={1967}
}

@inproceedings{chen2014fast,
  title={A fast and accurate dependency parser using neural networks},
  author={Chen, Danqi and Manning, Christopher},
  booktitle={Proceedings of the 2014 conference on empirical methods in natural language processing (EMNLP)},
  pages={740--750},
  year={2014}
}

@article{silver2017mastering,
  title={Mastering the game of go without human knowledge},
  author={Silver, David and Schrittwieser, Julian and Simonyan, Karen and Antonoglou, Ioannis and Huang, Aja and Guez, Arthur and Hubert, Thomas and Baker, Lucas and Lai, Matthew and Bolton, Adrian and others},
  journal={Nature},
  volume={550},
  number={7676},
  pages={354},
  year={2017},
  publisher={Nature Publishing Group}
}

@article{chaslot2008progressive,
  title={Progressive strategies for Monte-Carlo tree search},
  author={Chaslot, Guillaume M JB and Winands, Mark HM and HERIK, H JAAP VAN DEN and Uiterwijk, Jos WHM and Bouzy, Bruno},
  journal={New Mathematics and Natural Computation},
  volume={4},
  number={03},
  pages={343--357},
  year={2008},
  publisher={World Scientific}
}

@article{koehn2017six,
  title={Six challenges for neural machine translation},
  author={Koehn, Philipp and Knowles, Rebecca},
  journal={arXiv preprint arXiv:1706.03872},
  year={2017}
}

@techreport{brugmann1993monte,
  title={Monte carlo go},
  author={Br{\"u}gmann, Bernd},
  year={1993},
  institution={Citeseer}
}

@inproceedings{abramson1987model,
  title={A Model of Two-Player Evaluation Functions.},
  author={Abramson, Bruce and Korf, Richard E},
  booktitle={AAAI},
  pages={90--94},
  year={1987}
}

@inproceedings{koehn2004pharaoh,
  title={Pharaoh: a beam search decoder for phrase-based statistical machine translation models},
  author={Koehn, Philipp},
  booktitle={Conference of the Association for Machine Translation in the Americas},
  pages={115--124},
  year={2004},
  organization={Springer}
}

@inproceedings{vaswani2017attention,
  title={Attention is all you need},
  author={Vaswani, Ashish and Shazeer, Noam and Parmar, Niki and Uszkoreit, Jakob and Jones, Llion and Gomez, Aidan N and Kaiser, {\L}ukasz and Polosukhin, Illia},
  booktitle={Advances in Neural Information Processing Systems},
  pages={5998--6008},
  year={2017}
}

@inproceedings{vinyals2015grammar,
  title={Grammar as a foreign language},
  author={Vinyals, Oriol and Kaiser, {\L}ukasz and Koo, Terry and Petrov, Slav and Sutskever, Ilya and Hinton, Geoffrey},
  booktitle={Advances in Neural Information Processing Systems},
  pages={2773--2781},
  year={2015}
}

@article{neubig2018xnmt,
  title={XNMT: The extensible neural machine translation toolkit},
  author={Neubig, Graham and Sperber, Matthias and Wang, Xinyi and Felix, Matthieu and Matthews, Austin and Padmanabhan, Sarguna and Qi, Ye and Sachan, Devendra Singh and Arthur, Philip and Godard, Pierre and others},
  journal={arXiv preprint arXiv:1803.00188},
  year={2018}
}

@article{freitag2017beam,
  title={Beam search strategies for neural machine translation},
  author={Freitag, Markus and Al-Onaizan, Yaser},
  journal={arXiv preprint arXiv:1702.01806},
  year={2017}
}

@article{vijayakumar2016diverse,
  title={Diverse beam search: Decoding diverse solutions from neural sequence models},
  author={Vijayakumar, Ashwin K and Cogswell, Michael and Selvaraju, Ramprasath R and Sun, Qing and Lee, Stefan and Crandall, David and Batra, Dhruv},
  journal={arXiv preprint arXiv:1610.02424},
  year={2016}
}

@article{sun2017bidirectional,
  title={Bidirectional Beam Search: Forward-Backward Inference in Neural Sequence Models for Fill-in-the-Blank Image Captioning},
  author={Sun, Qing and Lee, Stefan and Batra, Dhruv}
}

@inproceedings{baier2012beam,
  title={Beam monte-carlo tree search},
  author={Baier, Hendrik and Winands, Mark HM},
  booktitle={Computational Intelligence and Games (CIG), 2012 IEEE Conference on},
  pages={227--233},
  year={2012},
  organization={IEEE}
}

@article{maes2012monte,
  title={Monte carlo search algorithm discovery for one player games},
  author={Maes, Francis and St-Pierre, David Lupien and Ernst, Damien},
  journal={IEEE Transactions on Computational Intelligence and AI in Games},
  volume={5},
  number={3},
  year={2012}
}

@inproceedings{schadd2008single,
  title={Single-player monte-carlo tree search},
  author={Schadd, Maarten PD and Winands, Mark HM and Van Den Herik, H Jaap and Chaslot, Guillaume MJ-B and Uiterwijk, Jos WHM},
  booktitle={International Conference on Computers and Games},
  pages={1--12},
  year={2008},
  organization={Springer}
}

@inproceedings{coulom2006efficient,
  title={Efficient selectivity and backup operators in Monte-Carlo tree search},
  author={Coulom, R{\'e}mi},
  booktitle={International conference on computers and games},
  pages={72--83},
  year={2006},
  organization={Springer}
}

@article{silver2016mastering,
  title={Mastering the game of Go with deep neural networks and tree search},
  author={Silver, David and Huang, Aja and Maddison, Chris J and Guez, Arthur and Sifre, Laurent and Van Den Driessche, George and Schrittwieser, Julian and Antonoglou, Ioannis and Panneershelvam, Veda and Lanctot, Marc and others},
  journal={nature},
  volume={529},
  number={7587},
  pages={484},
  year={2016},
  publisher={Nature Publishing Group}
}

@inproceedings{lee2018deep,
  title={Deep Reinforcement Learning in Continuous Action Spaces: a Case Study in the Game of Simulated Curling},
  author={Lee, Kyowoon and Kim, Sol-A and Choi, Jaesik and Lee, Seong-Whan},
  booktitle={International Conference on Machine Learning},
  pages={2943--2952},
  year={2018}
}

@article{pinheiro2017geometric,
  title={Geometric graph matching using monte carlo tree search},
  author={Pinheiro, Miguel Am{\'a}vel and Kybic, Jan and Fua, Pascal},
  journal={IEEE transactions on pattern analysis and machine intelligence},
  volume={39},
  number={11},
  pages={2171--2185},
  year={2017},
  publisher={IEEE}
}

@inproceedings{luckow2018monte,
  title={Monte Carlo Tree Search for Finding Costly Paths in Programs},
  author={Luckow, Kasper and P{\u{a}}s{\u{a}}reanu, Corina S and Visser, Willem},
  booktitle={International Conference on Software Engineering and Formal Methods},
  pages={123--138},
  year={2018},
  organization={Springer}
}

@article{rosin2011multi,
  title={Multi-armed bandits with episode context},
  author={Rosin, Christopher D},
  journal={Annals of Mathematics and Artificial Intelligence},
  volume={61},
  number={3},
  pages={203--230},
  year={2011},
  publisher={Springer}
}

@inproceedings{gelly2007combining,
  title={Combining online and offline knowledge in UCT},
  author={Gelly, Sylvain and Silver, David},
  booktitle={Proceedings of the 24th international conference on Machine learning},
  pages={273--280},
  year={2007},
  organization={ACM}
}
